<record><leader>00000cas a22000007a 4500</leader><controlfield tag="001">37706559</controlfield><controlfield tag="008">970930d19061911okudn n       0    0eng d</controlfield><datafield ind1=" " ind2=" " tag="010"><subfield code="a">sn 97070347 </subfield></datafield><datafield ind1=" " ind2=" " tag="040"><subfield code="a">OBN</subfield><subfield code="b">eng</subfield><subfield code="c">OBN</subfield><subfield code="d">OCLCQ</subfield><subfield code="d">OCLCF</subfield><subfield code="d">OCLCO</subfield></datafield><datafield ind1="1" ind2=" " tag="029"><subfield code="a">AU@</subfield><subfield code="b">000013539046</subfield></datafield><datafield ind1=" " ind2=" " tag="042"><subfield code="a">msc</subfield></datafield><datafield ind1=" " ind2=" " tag="043"><subfield code="a">n-us-ok</subfield></datafield><datafield ind1="0" ind2="4" tag="245"><subfield code="a">The Shawnee daily herald.</subfield></datafield><datafield ind1=" " ind2=" " tag="260"><subfield code="a">Shawnee, Okla. :</subfield><subfield code="b">Herald Pub. Co.</subfield></datafield><datafield ind1=" " ind2=" " tag="300"><subfield code="a">v.</subfield></datafield><datafield ind1=" " ind2=" " tag="310"><subfield code="a">Daily (except Sat.),</subfield><subfield code="b">Oct. 23-Nov. 22, 1911</subfield></datafield><datafield ind1=" " ind2=" " tag="321"><subfield code="a">Daily (except Sun.),</subfield><subfield code="b">Dec. 21, 1910-Oct. 14, 1911</subfield></datafield><datafield ind1=" " ind2=" " tag="321"><subfield code="a">Daily (except Mon.),</subfield><subfield code="b">Sep. 7, 1906-Dec. 10, 1910</subfield></datafield><datafield ind1="0" ind2=" " tag="362"><subfield code="a">Vol. 12, no. 112 (Sep. 7, 1906)-v. 16, no. 11 (Nov. 22, 1911).</subfield></datafield><datafield ind1=" " ind2="0" tag="651"><subfield code="a">Shawnee (Okla.)</subfield><subfield code="v">Newspapers.</subfield></datafield><datafield ind1=" " ind2="0" tag="651"><subfield code="a">Pottawatomie County (Okla.)</subfield><subfield code="v">Newspapers.</subfield></datafield><datafield ind1=" " ind2="7" tag="655"><subfield code="a">Newspapers.</subfield><subfield code="2">fast</subfield><subfield code="0">(OCoLC)fst01423814</subfield></datafield><datafield ind1=" " ind2="7" tag="651"><subfield code="a">Oklahoma</subfield><subfield code="z">Pottawatomie County.</subfield><subfield code="2">fast</subfield><subfield code="0">(OCoLC)fst01220558</subfield></datafield><datafield ind1=" " ind2="7" tag="651"><subfield code="a">Oklahoma</subfield><subfield code="z">Shawnee.</subfield><subfield code="2">fast</subfield><subfield code="0">(OCoLC)fst01220557</subfield></datafield><datafield ind1=" " ind2=" " tag="752"><subfield code="a">United States</subfield><subfield code="b">Oklahoma</subfield><subfield code="c">Pottawatomie</subfield><subfield code="d">Shawnee.</subfield></datafield><datafield ind1="0" ind2=" " tag="775"><subfield code="t">Shawnee herald (Weekly : 1901)</subfield><subfield code="w">(DLC)sn 97070344</subfield><subfield code="w">(OCoLC)37704219</subfield></datafield><datafield ind1="0" ind2="0" tag="780"><subfield code="t">Shawnee herald (Daily : 1902)</subfield><subfield code="w">(DLC)sn 97070346</subfield><subfield code="w">(OCoLC)37706518</subfield></datafield><datafield ind1="0" ind2="7" tag="785"><subfield code="t">Shawnee news (Daily : 1904)</subfield><subfield code="w">(DLC)sn 97070348</subfield><subfield code="w">(OCoLC)37706608</subfield></datafield><datafield ind1="0" ind2="7" tag="785"><subfield code="t">Shawnee news-herald (Shawnee, Okla. : 1911)</subfield><subfield code="w">(DLC)sn 97070349</subfield><subfield code="w">(OCoLC)37706669</subfield></datafield></record>